%% This BibTeX bibliography file was created using BibDesk.
%% http://bibdesk.sourceforge.net/


%% Created for Lauro Cesar Araujo at 2013-04-05 08:03:49 -0300 


%% Saved with string encoding Unicode (UTF-8) 



@Proceedings{Sanders:2002,
  title        = {Teaching Empirical Analysis of Algorithms},
  journal      = {{ACM} {SIGCSE} Bulletin},
  year         = {2002},
  pages        = {321-325},
  editor       = {lan Sanders},
  volume       = {34},
  month        = mar,
  organization = {Association for Computing Machinery ({ACM})},
  doi          = {10.1145/563340.563468},
}

@manual{Ashraf:2015,
	Author = {Kamran Ashraf},
	Title = {The Maximum Subarray Problem },
	Url = {https://pt.slideshare.net/KamranAshraf6/the-maximum-subarray-problem},
	Urlaccessdate = {29.6.2017},
	Year = {2015},
}

@manual{DC:Feofiloff:2013,
	Author = {Paulo Feofiloff},
	Title = {Divisão e conquista},
	Url = {https://www.ime.usp.br/~pf/analise_de_algoritmos/aulas/divide-and-conquer.html},
	Urlaccessdate = {29.6.2017},
	Year = {2013},
}

@manual{PD:Feofiloff:2013,
	Author = {Paulo Feofiloff},
	Title = {Programação dinâmica},
	Url = {https://www.ime.usp.br/~pf/analise_de_algoritmos/aulas/dynamic-programming.html},
	Urlaccessdate = {29.6.2017},
	Year = {2013},
}

@manual{KajiharaAndFonseca:2017,
	Author = {Alexandre Kajihara and Clodoaldo Basaglia da Fonseca},
	Title = {analise-empirica-20171},
	Url = {https://github.com/xaaaandao/analise-empirica-20171.git},
	Urlaccessdate = {30.6.2017},
	Year = {2017},
}
